
@BOOK{Press:2007:NRE:1403886,
 author = {Press, William H. and Teukolsky, Saul A. and Vetterling, William T. and Flannery, Brian P.},
 title = {Numerical Recipes 3rd Edition: The Art of Scientific Computing},
 year = {2007},
 isbn = {0521880688, 9780521880688},
 edition = {3},
 publisher = {Cambridge University Press},
 address = {New York, NY, USA},
} 

@BOOK{Stoer_Bulirsch,
   author = {J. Stoer and R. Bulirsch}, 
   title = {Introduction to Numerical Analysis}, 
   edition = {2}, 
   publisher = {Springer}, 
   address = {N.Y. N.Y.}, 
   year = {1991},  
}

@BOOK{Pierce,
   author = {Pierce, Allan}, 
   title = {Acoustics}, 
   publisher = {Acoustical Society of America}, 
   address = {Woodbury N.Y.}, 
   year = {1989},
}

@BOOK{comp_oc_ac,
   author = "Jensen, Finn B. and Kuperman, William A. and Porter, Micheal B. and Schmidt, Henrik",
   title = "Computational Ocean Acoustics",
   publisher = "Springer",
   address = "NY",
   year = "2000",
}

@BOOK{Brekhovskikh,
   author = "Brekhovskikh, Leonid M. and Godin, Oleg A.",
   title = "Acoustics of Layered Media II",
   publisher = "Springer",
   address = "New York",
   year = "1999",
}

@BOOK{Landau_QM,
   author = "Landau, Lev D. and Lifshitz, E. M.",
   title = "Quantum Mechanics",
   publisher = "Pergamon",
   address = "London",
   year = "1965",
}

@BOOK{Dunford_Schwartz_3,
author="N. Dunford and J. T. Schwartz",
title="Linear Operators, part III",
publisher="Wiley",
address="New York",
year="1971",
}

@Article{non-lin_therm,
  author = 	 {Lonzaga, Joel and Waxler, Roger and Assink, Jelle and Talmadge, Carrick},
  title = 	 {Modelling waveforms of infrasound arrivals from impulsive sources using weakly non-linear ray theory},
  journal = 	 {Geophys. J. Int. },
  year = 	 {2015},
  OPTvolume = 	 {200},
  OPTpages = 	 {1347-1361}
}

@article{waxler2015stratospheric,
  title={The stratospheric arrival pair in infrasound propagation},
  author={Waxler, Roger and Evers, L{\"a}slo G. and Assink, Jelle and Blom, Phillip},
  journal={The Journal of the Acoustical Society of America},
  volume={137},
  number={4},
  pages={1846--1856},
  year={2015},
  publisher={Acoustical Society of America}
}

@Article{Godin_eff_fluid,
  author = 	 {Godin, Oleg},
  title = 	 {An effective quiescent medium for sound propagating through an inhomogeneous, moving fluid},
  journal = 	 {J. Acoust. Soc. Am.},
  year = 	 {2002},
  OPTvolume = 	 {112},
  OPTnumber = 	 {4},
  OPTpages = 	 {1269 - 1275},
  OPTmonth = 	 {October}
}

@Article{Godin_attenuation,
  author = 	 {Godin, Oleg},
  title = 	 {Dissipation of acoustic gravity waves: An asymptotic approach},
  journal = 	 {J. Acoust. Soc. Am.},
  year = 	 {2014},
  OPTvolume = 	 {136},
  OPTnumber = 	 {6},
  OPTpages = 	 {EL411 -- EL417},
  OPTmonth = 	 {December}
}

@ARTICLE{bass_suth,
   author = {Sutherland, Louis C. and Bass, Henry E.},
   title = {Atmospheric absorption in the atmosphere up to 160 km},
   journal = {J. Acoust. Soc. Am.},
   year = 2004,
   volume = 99,
   number= 3,
   pages = "pp. 1012 to 1032",
}

@ARTICLE{blom_jasa,
   author = {Blom, Philip and Waxler, Roger},
   title = {Impulse propagation in the nocturnal boundary layer: Analysis of the geometric component},
   journal = {J. Acoust. Soc. Am.},
   year = 2012,
   volume = 131,
   number = 5,
   pages = "pp. 3680 to 3690",

}

@phdthesis{assink_dissertation,
  author       = {Jelle Assink}, 
  title        = {Infrasound as upper atmospheric monitor},
  school       = {The University of Mississippi},
  year         = 2012,
}

@phdthesis{blom_dissertation,
  author       = {Philip Blom}, 
  title        = {Interaction of the Cyclonic Winds with the Infrasonic Signal Generated by a Large Maritime Storm},
  school       = {The University of Mississippi},
  year         = 2013,
}